@article{hosea1996analysis,
  title={Analysis and implementation of TR-BDF2},
  author={Hosea, ME and Shampine, LF},
  journal={Applied Numerical Mathematics},
  volume={20},
  number={1-2},
  pages={21--37},
  year={1996},
  publisher={Elsevier}
}

@book{hairer2010solving,
  title={Solving Ordinary Differential Equations II: Stiff and Differential-Algebraic Problems},
  author={Hairer, E. and Wanner, G.},
  isbn={9783642052217},
  series={Springer Series in Computational Mathematics},
  url={https://books.google.com/books?id=g-jvCAAAQBAJ},
  year={2010},
  publisher={Springer Berlin Heidelberg}
}
