@article{hairer1999stiff,
  title={Stiff differential equations solved by Radau methods},
  author={Hairer, Ernst and Wanner, Gerhard},
  journal={Journal of Computational and Applied Mathematics},
  volume={111},
  number={1-2},
  pages={93--111},
  year={1999},
  publisher={Elsevier}
}

@book{hairer2010solving,
  title={Solving Ordinary Differential Equations II: Stiff and Differential-Algebraic Problems},
  author={Hairer, E. and Wanner, G.},
  isbn={9783642052217},
  series={Springer Series in Computational Mathematics},
  url={https://books.google.com/books?id=g-jvCAAAQBAJ},
  year={2010},
  publisher={Springer Berlin Heidelberg}
}
